/home/caocoa/Documents/Learning Chinese/ref/entries.bib