@inproceedings{wang2008empirical,
  title={An empirical study of Chinese word-word language directed network},
  author={Wang, Jianwei and Rong, Lili and Jin, Tao},
  booktitle={Service Operations and Logistics, and Informatics, 2008. IEEE/SOLI 2008. IEEE International Conference on},
  volume={1},
  pages={498--501},
  year={2008},
  organization={IEEE}
}
@inproceedings{wu2009structure,
  title={A Structure Character Modeling for Chinese Character Glyph Description},
  author={Wu, Shixiao and Zheng, Shijue},
  booktitle={Electronic Computer Technology, 2009 International Conference on},
  pages={245--248},
  year={2009},
  organization={IEEE}
}
@inproceedings{li2009chinese,
  title={Chinese character recognition based on character reconstruction},
  author={Li, Yun and Xie, Mei},
  booktitle={Communications, Circuits and Systems, 2009. ICCCAS 2009. International Conference on},
  pages={460--463},
  year={2009},
  organization={IEEE}
}
@inproceedings{yu2008chinese,
  title={Chinese language processing with complex network theory},
  author={Yu, You-Yang and Wang, Zhi-Qing and Gao, Wei-Nan and Gu, Guo-Qing},
  booktitle={Computer Science and Software Engineering, 2008 International Conference on},
  volume={1},
  pages={710--713},
  year={2008},
  organization={IEEE}
}
@article{yan2013efficient,
  title={Efficient learning strategy of Chinese characters based on network approach},
  author={Yan, Xiaoyong and Fan, Ying and Di, Zengru and Havlin, Shlomo and Wu, Jinshan},
  journal={PloS one},
  volume={8},
  number={8},
  pages={e69745},
  year={2013},
  publisher={Public Library of Science}
}
@inproceedings{ji2014graph,
  title={Graph Model Optimization Based Historical Chinese Character Segmentation Method},
  author={Ji, Jingning and Peng, Liangrui and Li, Bohan},
  booktitle={Document Analysis Systems (DAS), 2014 11th IAPR International Workshop on},
  pages={282--286},
  year={2014},
  organization={IEEE}
}
@article{deng2013rank,
  title={Rank-frequency relation for Chinese characters},
  author={Deng, WB and Allahverdyan, Armen E and Li, Bo and Wang, Qiuping A},
  journal={arXiv preprint arXiv:1309.1536},
  year={2013}
}
@inproceedings{juang2005resolving,
  title={Resolving the unencoded character problem for Chinese digital libraries},
  author={Juang, Derming and Wang, Jenq-Haur and Lai, Chen-Yu and Hsieh, Ching-Chun and Chien, Lee-Feng and Ho, Jan-Ming},
  booktitle={Digital Libraries, 2005. JCDL'05. Proceedings of the 5th ACM/IEEE-CS Joint Conference on},
  pages={311--319},
  year={2005},
  organization={IEEE}
}
@inproceedings{yiu2003chinese,
  title={Chinese character synthesis using METAPOST},
  author={Yiu, Candy LK and Wong, Wai},
  booktitle={In proceedings of TUG},
  pages={85--93},
  year={2003}
}
@article{fujisawa1992segmentation,
  title={Segmentation methods for character recognition: from segmentation to document structure analysis},
  author={Fujisawa, Hiromichi and Nakano, Yasuaki and Kurino, Kiyomichi},
  journal={Proceedings of the IEEE},
  volume={80},
  number={7},
  pages={1079--1092},
  year={1992},
  publisher={IEEE}
}
@inproceedings{yu2012statistical,
  title={Statistical Structure Modeling and Optimal Combined Strategy Based Chinese Components Recognition},
  author={Yu, Bowen and Liang, Xiaohui and Hu, Jiajia and Sun, Linjia},
  booktitle={Signal Image Technology and Internet Based Systems (SITIS), 2012 Eighth International Conference on},
  pages={238--245},
  year={2012},
  organization={IEEE}
}
@article{liu2011visually,
  title={Visually and phonologically similar characters in incorrect Chinese words: Analyses, identification, and applications},
  author={Liu, C-L and Lai, M-H and Tien, K-W and Chuang, Y-H and Wu, S-H and Lee, C-Y},
  journal={ACM Transactions on Asian Language Information Processing (TALIP)},
  volume={10},
  number={2},
  pages={10},
  year={2011},
  publisher={ACM}
}
