@article{hu2012graph,
  title={Graph model of Old Chinese phonological system and computing},
  author={Hu, Jiajia and Wang, Ning},
  journal={Literary and linguistic computing},
  pages={fqs001},
  year={2012},
  publisher={ALLC},
  keywords={wanted}
}
@article{hu2013complex,
  title={Complex network perspective on graphic form system of Hanzi},
  author={Hu, Jiajia and Wang, Ning},
  journal={Literary and linguistic computing},
  pages={fqt057},
  year={2013},
  publisher={ALLC},
  keywords={wanted}
}
@article{zhou2008empirical,
  title={An empirical study of Chinese language networks},
  author={Zhou, Shuigeng and Hu, Guobiao and Zhang, Zhongzhi and Guan, Jihong},
  journal={Physica A: Statistical Mechanics and its Applications},
  volume={387},
  number={12},
  pages={3039--3047},
  year={2008},
  publisher={Elsevier},
  keywords={wanted}
}
@article{li2007chinese,
  title={Chinese character structure analysis based on complex networks},
  author={Li, Jianyu and Zhou, Jie},
  journal={Physica A: Statistical Mechanics and its Applications},
  volume={380},
  pages={629--638},
  year={2007},
  publisher={Elsevier},
  keywords={wanted}
}
@article{hansen1985chinese,
  title={Chinese language, Chinese philosophy, and “truth”},
  author={Hansen, Chad},
  journal={The Journal of Asian Studies},
  volume={44},
  number={03},
  pages={491--519},
  year={1985},
  publisher={Cambridge Univ Press},
  keywords={wanted}
}@article{liang2014modeling,
  title={Modeling the Chinese language as an evolving network},
  author={Liang, Wei and Shi, Yuming and Huang, Qiuling},
  journal={Physica A: Statistical Mechanics and its Applications},
  volume={393},
  pages={268--276},
  year={2014},
  publisher={Elsevier},
  keywords={wanted}
}@article{yu2011statistical,
  title={Statistical properties of Chinese phonemic networks},
  author={Yu, Shuiyuan and Liu, Haitao and Xu, Chunshan},
  journal={Physica A: Statistical Mechanics and its Applications},
  volume={390},
  number={7},
  pages={1370--1380},
  year={2011},
  publisher={Elsevier},
  keywords={wanted}
}
@article{bales2006graph,
  title={Graph theoretic modeling of large-scale semantic networks},
  author={Bales, Michael E and Johnson, Stephen B},
  journal={Journal of biomedical informatics},
  volume={39},
  number={4},
  pages={451--464},
  year={2006},
  publisher={Elsevier},
  keywords={wanted}
}
@article{li2012chinese,
  title={Chinese lexical networks: The structure, function and formation},
  author={Li, Jianyu and Zhou, Jie and Luo, Xiaoyue and Yang, Zhanxin},
  journal={Physica A: Statistical Mechanics and its Applications},
  volume={391},
  number={21},
  pages={5254--5263},
  year={2012},
  publisher={Elsevier},
  keywords={wanted}
}
@article{shen2007radical,
  title={Radical awareness and word acquisition among nonnative learners of Chinese},
  author={Shen, Helen H and Ke, Chuanren},
  journal={The Modern Language Journal},
  volume={91},
  number={1},
  pages={97--111},
  year={2007},
  publisher={Wiley Online Library},
  keywords={wanted}
}
@article{zhang1992decomposed,
  title={Decomposed storage in the Chinese lexicon},
  author={Zhang, Biyin and Peng, Danling},
  journal={Advances in psychology},
  volume={90},
  pages={131--149},
  year={1992},
  publisher={Elsevier},
  keywords={wanted}
}
@article {CLA:CLA003,
  author = {Grant, Taran and Kluge, Arnold G.},
  title = {Transformation Series as an Ideographic Character Concept},
  journal = {Cladistics},
  volume = {20},
  number = {1},
  publisher = {Blackwell Science Ltd},
  issn = {1096-0031},
  url = {http://dx.doi.org/10.1111/j.1096-0031.2004.00003.x},
  doi = {10.1111/j.1096-0031.2004.00003.x},
  pages = {23--31},
  year = {2004},
  keyword={wanted}
}
@inproceedings{wang2008empirical,
  title={An empirical study of Chinese word-word language directed network},
  author={Wang, Jianwei and Rong, Lili and Jin, Tao},
  booktitle={Service Operations and Logistics, and Informatics, 2008. IEEE/SOLI 2008. IEEE International Conference on},
  volume={1},
  pages={498--501},
  year={2008},
  organization={IEEE},
  keywords={}
}
@inproceedings{wu2009structure,
  title={A Structure Character Modeling for Chinese Character Glyph Description},
  author={Wu, Shixiao and Zheng, Shijue},
  booktitle={Electronic Computer Technology, 2009 International Conference on},
  pages={245--248},
  year={2009},
  organization={IEEE},
  keywords={}
}
@inproceedings{li2009chinese,
  title={Chinese character recognition based on character reconstruction},
  author={Li, Yun and Xie, Mei},
  booktitle={Communications, Circuits and Systems, 2009. ICCCAS 2009. International Conference on},
  pages={460--463},
  year={2009},
  organization={IEEE},
  keywords={read}
}
@inproceedings{yu2008chinese,
  title={Chinese language processing with complex network theory},
  author={Yu, You-Yang and Wang, Zhi-Qing and Gao, Wei-Nan and Gu, Guo-Qing},
  booktitle={Computer Science and Software Engineering, 2008 International Conference on},
  volume={1},
  pages={710--713},
  year={2008},
  organization={IEEE},
  keywords={}
}
@article{yan2013efficient,
  title={Efficient learning strategy of Chinese characters based on network approach},
  author={Yan, Xiaoyong and Fan, Ying and Di, Zengru and Havlin, Shlomo and Wu, Jinshan},
  journal={PloS one},
  volume={8},
  number={8},
  pages={e69745},
  year={2013},
  publisher={Public Library of Science},
  keywords={read}
}
@inproceedings{ji2014graph,
  title={Graph Model Optimization Based Historical Chinese Character Segmentation Method},
  author={Ji, Jingning and Peng, Liangrui and Li, Bohan},
  booktitle={Document Analysis Systems (DAS), 2014 11th IAPR International Workshop on},
  pages={282--286},
  year={2014},
  organization={IEEE},
  keywords={}
}
@article{deng2013rank,
  title={Rank-frequency relation for Chinese characters},
  author={Deng, WB and Allahverdyan, Armen E and Li, Bo and Wang, Qiuping A},
  journal={arXiv preprint arXiv:1309.1536},
  year={2013},
  keywords={}
}
@inproceedings{juang2005resolving,
  title={Resolving the unencoded character problem for Chinese digital libraries},
  author={Juang, Derming and Wang, Jenq-Haur and Lai, Chen-Yu and Hsieh, Ching-Chun and Chien, Lee-Feng and Ho, Jan-Ming},
  booktitle={Digital Libraries, 2005. JCDL'05. Proceedings of the 5th ACM/IEEE-CS Joint Conference on},
  pages={311--319},
  year={2005},
  organization={IEEE},
  keywords={}
}
@inproceedings{yiu2003chinese,
  title={Chinese character synthesis using METAPOST},
  author={Yiu, Candy LK and Wong, Wai},
  booktitle={In proceedings of TUG},
  pages={85--93},
  year={2003},
  keywords={}
}
@article{fujisawa1992segmentation,
  title={Segmentation methods for character recognition: from segmentation to document structure analysis},
  author={Fujisawa, Hiromichi and Nakano, Yasuaki and Kurino, Kiyomichi},
  journal={Proceedings of the IEEE},
  volume={80},
  number={7},
  pages={1079--1092},
  year={1992},
  publisher={IEEE},
  keywords={}
}
@inproceedings{yu2012statistical,
  title={Statistical Structure Modeling and Optimal Combined Strategy Based Chinese Components Recognition},
  author={Yu, Bowen and Liang, Xiaohui and Hu, Jiajia and Sun, Linjia},
  booktitle={Signal Image Technology and Internet Based Systems (SITIS), 2012 Eighth International Conference on},
  pages={238--245},
  year={2012},
  organization={IEEE},
  keywords={}
}
@article{liu2011visually,
  title={Visually and phonologically similar characters in incorrect Chinese words: Analyses, identification, and applications},
  author={Liu, C-L and Lai, M-H and Tien, K-W and Chuang, Y-H and Wu, S-H and Lee, C-Y},
  journal={ACM Transactions on Asian Language Information Processing (TALIP)},
  volume={10},
  number={2},
  pages={10},
  year={2011},
  publisher={ACM},
  keywords={}
}
@article{lai2004composite,
  title={A composite approach to handle missing characters on Web interface},
  author={Lai, Chen-Yu and Ho, Jan-Ming and Wang, You-Qiao and Huang, Zhi-Zhueng},
  journal={ICDAT2004},
  year={2004},
  keywords={}
}
@inproceedings{lin2008research,
  title={A Research on the Stroke-Segment-Mesh (SSM) Glyph Depiction Method of Chinese Character},
  author={Lin, Min and Song, Rou and Ge, Shi-Li},
  booktitle={Advanced Language Processing and Web Information Technology, 2008. ALPIT'08. International Conference on},
  pages={269--278},
  year={2008},
  organization={IEEE},
  keywords={}
}
@article{junkai2007research,
  title={Research and test on code-based rare Chinese character input method},
  author={JunKai, BAI Yi YI},
  journal={Journal of Beijing University of Chemical Technology (Natural Science Edition)},
  pages={S1},
  year={2007},
  keywords={wanted}
}
@article{skala2014structural,
  title={A Structural Query System for Han Characters},
  author={Skala, Matthew},
  journal={arXiv preprint arXiv:1404.5585},
  year={2014},
  keywords={read}
}
@inproceedings{le2003extension,
  title={Extension of Zipf's law to word and character n-grams for English and Chinese},
  author={Le Quan Ha, EI and Ming, Ji and Smith, FJ},
  booktitle={Journal of Computational Linguistics and Chinese Language Processing},
  year={2003},
  organization={Citeseer},
  keywords={}
}
@inproceedings{giacalone1984ideosy,
  title={IDEOSY: An ideographic and interactive program description system},
  author={Giacalone, Alessandro and Rinard, Martin C and Doeppner Jr, Thomas W},
  booktitle={ACM SIGPLAN Notices},
  volume={19},
  number={5},
  pages={15--20},
  year={1984},
  organization={ACM},
  keywords={}
}
@inproceedings{cook2003unihan,
  title={UniHan Variation: Issues and Solutions},
  author={Cook, Richard S},
  booktitle={23 th Internationalization and Unicode Conference, Prague, Czech Republic},
  year={2003},
  keywords={read}
}
@incollection{haralambous2013new,
  title={New perspectives in sinographic language processing through the use of character structure},
  author={Haralambous, Yannis},
  booktitle={Computational Linguistics and Intelligent Text Processing},
  pages={201--217},
  year={2013},
  publisher={Springer},
  keywords={read}
}
